<?xml version="1.0" encoding="UTF-8"?><collection xmlns="http://www.loc.gov/MARC21/slim"><record><leader>00407nam--2200133-i-4500</leader><controlfield tag="001">000042249</controlfield><controlfield tag="002">20161230</controlfield><controlfield tag="005">20161230201043</controlfield><controlfield tag="008">060222s1000------------r-----000-0-eng-d</controlfield><datafield ind1=" " ind2=" " tag="080"><subfield code="a">681.14.01</subfield></datafield><datafield ind1=" " ind2=" " tag="100"><subfield code="a">Sommerfeld,Jude,T</subfield></datafield><datafield ind1=" " ind2=" " tag="245"><subfield code="a">Studies of controlled cyclic distillation. 2:analytical transient solution and symptotic plate efficiencies</subfield></datafield><datafield ind1=" " ind2=" " tag="260"><subfield code="a">Missouri,Monsanto Comp. 25 P. + Fig</subfield></datafield><datafield ind1=" " ind2=" " tag="852"><subfield code="a">24783</subfield></datafield></record></collection>